@article{MHRA,
  title={Rapidly Manufactured Ventilator System},
  author={Medicines & Healtcare products Regulatory Agency,},
  year={2020},
  month=mar,
  note={MHRA. Document RMVS001 V3.1 - Specification}
}